@misc{openmp45,
    author = {{OpenMP Architecture Review Board}},
    title = {{OpenMP} Application Program Interface Version 4.5},
    month = November,
    year = 2015,
    url = {https://www.openmp.org/wp-content/uploads/openmp-4.5.pdf}
}

@Article{Bryant,
  Author    = {Bryant, Kylie},
  Title     = {Genetic Algorithms and the Traveling Salesman},
  Journal   = {HMC Senior Thesis},
  Number    = {126},
  publisher = {IEEE COMPUTER SOC},
  url       = {https://scholarship.claremont.edu/hmc_theses/126/},
  year      = 2000
}